<?xml version="1.0" encoding="UTF-8"?><collection xmlns="http://www.loc.gov/MARC21/slim"><record><leader>00464nam--2200169-i-4500</leader><controlfield tag="001">000038138</controlfield><controlfield tag="002">20161230</controlfield><controlfield tag="005">20161230201041</controlfield><controlfield tag="008">060222s1000------------r-----000-0-eng-d</controlfield><datafield ind1=" " ind2=" " tag="040"><subfield code="a">IFIN-HH</subfield></datafield><datafield ind1=" " ind2=" " tag="080"><subfield code="a">53</subfield></datafield><datafield ind1="1" ind2=" " tag="100"><subfield code="a">Reichenbach, Maria</subfield></datafield><datafield ind1=" " ind2=" " tag="245"><subfield code="a">Hans reichenbach. the direction of time</subfield><subfield code="c">Maria reichenbach (ed.)</subfield></datafield><datafield ind1=" " ind2=" " tag="260"><subfield code="a">Berkeley</subfield><subfield code="b">University Of California Press</subfield><subfield code="c">1956</subfield></datafield><datafield ind1=" " ind2=" " tag="300"><subfield code="a">XI + 280P</subfield></datafield><datafield ind1=" " ind2=" " tag="852"><subfield code="a">12766</subfield><subfield code="c">53.01</subfield></datafield><datafield ind1=" " ind2=" " tag="CAT"><subfield code="a">Sys</subfield><subfield code="c">20151012</subfield><subfield code="h">144001</subfield></datafield></record></collection>